<record><leader>00000cas a2200000   4500</leader><controlfield tag="001">4934641</controlfield><controlfield tag="008">790507c19uu9999iluwx ne      0   a0eng d</controlfield><controlfield tag="009">467</controlfield><datafield ind1=" " ind2=" " tag="010"><subfield code="a">sn 79002696 </subfield></datafield><datafield ind1=" " ind2=" " tag="040"><subfield code="a">NSD</subfield><subfield code="b">eng</subfield><subfield code="c">NSD</subfield><subfield code="d">OCL</subfield><subfield code="d">OCLCQ</subfield></datafield><datafield ind1=" " ind2=" " tag="012"><subfield code="k">1</subfield><subfield code="m">c</subfield></datafield><datafield ind1="1" ind2=" " tag="022"><subfield code="a">0191-4820</subfield><subfield code="l">0191-4820</subfield><subfield code="2">1</subfield></datafield><datafield ind1=" " ind2=" " tag="032"><subfield code="a">005230</subfield><subfield code="b">USPS</subfield></datafield><datafield ind1=" " ind2=" " tag="042"><subfield code="a">nsdp</subfield></datafield><datafield ind1=" " ind2="0" tag="222"><subfield code="a">Glencoe mail-advertiser</subfield></datafield><datafield ind1="0" ind2="0" tag="245"><subfield code="a">Glencoe mail-advertiser.</subfield></datafield><datafield ind1=" " ind2=" " tag="260"><subfield code="a">Highland Park, Ill.,</subfield><subfield code="b">Singer Print. &amp; Pub. Co.</subfield></datafield><datafield ind1=" " ind2=" " tag="310"><subfield code="a">Published weekly except last week in Dec.</subfield></datafield><datafield ind1=" " ind2=" " tag="936"><subfield code="a">v. 8, no. 50</subfield></datafield></record>